@online{ibmsiem,
  author = {IBM},
  organization = {IBM},
  title = {What is security information and event management (SIEM)?},
  url = {https://www.ibm.com/topics/siem},
  urldate = {2024-05-06},
  year = {n.d.}
}

@online{chuvakin2019triaging,
  author = {Anton Chuvakin},
  organization = {Dark Reading},
  title = {The Uphill Battle of Triaging Alerts},
  url = {https://www.darkreading.com/threat-intelligence/the-uphill-battle-of-triaging-alerts},
  urldate = {2024-05-06},
  year = {2019}
}

@article{chaudhary2024ai,
  title={AI, ML, AND LARGE LANGUAGE MODELS IN CYBERSECURITY},
  author={PK Chaudhary},
  journal = {International Research Journal of Modernization in Engineering Technology and Science},
  year = {2024},
  volume = {6},
  publisher = {IRJMETS},
}

@article{zhong2018learning,
  title={Learning from expertsâ€™ experience: toward automated cyber security data triage},
  author={Zhong, Chen and Yen, John and Liu, Peng and Erbacher, Robert F},
  journal={IEEE Systems Journal},
  volume={13},
  number={1},
  pages={603--614},
  year={2018},
  publisher={IEEE}
}