@inproceedings{justyna2015SBRC,
author = {Chromik, Justyna Joanna and Santanna, Jos{\'{e}} Jair and Sperotto, Anna and Pras, Aiko},
booktitle = {Brazilian Symposium on Computer Networks and Distributed Systems (SBRC)},
title = {{Booter websites characterization: Towards a list of threats}},
year = {2015}
}
@inproceedings{kerkers2014aims,
author = {Kerkers, Max and Santanna, Jos{\'{e}} Jair and Sperotto, Anna},
booktitle = {International Conference on Autonomous Infrastructure, Management and Security (AIMS)},
title = {{Characterisation of the Kelihos.B Botnet}},
year = {2014}
}
@inproceedings{maan2014eunice,
author = {Maan, Dirk and Santanna, Jos{\'{e}} Jair and Sperotto, Anna and de Boer, Pieter-Tjerk},
booktitle = {EUNICE/IFIP International Workshop (EUNICE)},
title = {{Towards Validation of the Internet Census 2012}},
year = {2014}
}
@inproceedings{marotta2013compsac,
author = {Marotta, Marcelo and Carbone, Felipe and Santanna, Jos{\'{e}} Jair and Tarouco, Liane},
booktitle = {IEEE Computer Software and Applications Conference (COMPSAC)},
title = {{Through the Internet of Things - A Management by Delegation Smart Object Aware System (MbDSAS)}},
year = {2013}
}
@inproceedings{pras2016mmb,
author = {Pras, Aiko and Santanna, Jos{\'{e}} Jair and Steinberger, Jessica and Sperotto, Anna},
booktitle = {International GI/ITG Conference, MMB & DFT},
title = {{DDoS 3.0 - How Terrorists Bring Down the Internet}},
year = {2016}
}
@phdthesis{santanna2012thesis,
author = {Santanna, Jos{\'{e}} Jair},
school = {Federal University of Rio Grande do Sul, Brazil},
title = {{Solu{\c{c}}{\~{a}}o baseada em gerenciamento de processos de neg{\'{o}}cios para circuitos virtuais inter-dom{\'{i}}nio}},
type = {Master Thesis},
year = {2012}
}
@inproceedings{jjsantanna2015IM2,
author = {Santanna, Jos{\'{e}} Jair and Durban, Romain and Sperotto, Anna and Pras, Aiko},
booktitle = {IFIP/IEEE International Symposium on Integrated Network Management (IM)},
title = {{Inside Booters: An Analysis on Operational Databases}},
year = {2015}
}
@inproceedings{santanna2013aims,
author = {Santanna, Jos{\'{e}} Jair and Sperotto, Anna},
booktitle = {International Conference on Autonomous Infrastructure, Management and Security (AIMS)},
title = {{Characterizing and Mitigating The DDoS-as-a-Service Phenomenon}},
year = {2014}
}
@inproceedings{jjsantanna2015IM1,
annote = {Accepted to be published},
author = {Santanna, Jos{\'{e}} Jair and van Rijswijk-Deij, Roland and Sperotto, Anna and Hofstede, Rick and Wierbosch, Mark and Granville, Lisandro Zambenedetti and Pras, Aiko},
booktitle = {IFIP/IEEE International Symposium on Integrated Network Management (IM)},
title = {{Booters - An Analysis of DDoS-as-a-Service Attacks.}},
year = {2015}
}
@inproceedings{santanna2012noms,
author = {Santanna, Jos{\'{e}} Jair and Wickboldt, Juliano and Granville, Lisandro Zambenedetti},
booktitle = {IEEE Network Operations and Management Symposium (NOMS)},
title = {{A BPM-based solution for inter-domain circuit management}},
year = {2012}
}
@inproceedings{tarouco2012icc,
author = {Tarouco, Liane and Bertholdo, Leandro and Granville, Lisandro Zambenedetti and Arbiza, Lucas and Marotta, Marcelo and Santanna, Jos{\'{e}} Jair},
booktitle = {IEEE International Conference on Communications (ICC)},
title = {{Internet of Things in healthcare: Interoperatibility and security issues}},
year = {2012}
}
@inproceedings{devries2015aims,
author = {Vries, Wouter and Santanna, Jos{\'{e}} Jair and Sperotto, Anna and Pras, Aiko},
booktitle = {International Conference on Autonomous Infrastructure, Management and Security (AIMS)},
title = {{How Asymmetric Is the Internet? A Study to Support the Use of Traceroute}},
year = {2015}
}
