@online{chuvakin2019triaging,
    author = {Chuvakin, Anton},
    organization = {Dark Reading},
    title = {The Uphill Battle of Triaging Alerts},
    url = {https://www.darkreading.com/threat-intelligence/the-uphill-battle-of-triaging-alerts},
    urldate = {2024-05-06},
    year = {2019}
}

@incollection{strom2018mitre,
    title = {Mitre att\&ck: Design and philosophy},
    author = {Strom, Blake E and Applebaum, Andy and Miller, Doug P and Nickels, Kathryn C and Pennington, Adam G and Thomas, Cody B},
    booktitle = {Technical report},
    year = {2018},
    publisher = {The MITRE Corporation}
}

@misc{lockheed2011ckc,
    title = {Cyber Kill Chain},
    author = {{Lockheed Martin}},
    organization = {{Lockheed Martin}},
    url = {https://www.lockheedmartin.com/en-us/capabilities/cyber/cyber-kill-chain.html},
    year = {2011},
}

@phdthesis{ficke2022reconstructing,
    title = {Reconstructing Alert Trees for Cyber Triage},
    author = {Ficke, Eric},
    year = {2022},
    school = {The University of Texas at San Antonio}
}

@article{bayer2024cysecbert,
    title = {Cysecbert: A domain-adapted language model for the cybersecurity domain},
    author = {Bayer, Markus and Kuehn, Philipp and Shanehsaz, Ramin and Reuter, Christian},
    journal = {ACM Transactions on Privacy and Security},
    volume = {27},
    number = {2},
    pages = {1--20},
    year = {2024},
    publisher = {ACM New York, NY}
}

@article{devlin2018bert,
    title = {Bert: Pre-training of deep bidirectional transformers for language understanding},
    author = {Devlin, Jacob and Chang, Ming-Wei and Lee, Kenton and Toutanova, Kristina},
    journal = {arXiv preprint arXiv:1810.04805},
    year = {2018}
}

@article{rahali2021malbert,
    title = {MalBERT: Using transformers for cybersecurity and malicious software detection},
    author = {Rahali, Abir and Akhloufi, Moulay A},
    journal = {arXiv preprint arXiv:2103.03806},
    year = {2021}
}

@article{lee2020catbert,
    title = {CATBERT: Context-aware tiny BERT for detecting social engineering emails},
    author = {Lee, Younghoo and Saxe, Joshua and Harang, Richard},
    journal = {arXiv preprint arXiv:2010.03484},
    year = {2020}
}

@article{zhong2018learning,
    title = {Learning from expertsâ€™ experience: toward automated cyber security data triage},
    author = {Zhong, Chen and Yen, John and Liu, Peng and Erbacher, Robert F},
    journal = {IEEE Systems Journal},
    volume = {13},
    number = {1},
    pages = {603--614},
    year = {2018},
    publisher = {IEEE}
}

@article{lin2018data,
    title = {A Data Triage Retrieval System for Cyber Security Operations Center},
    author = {Lin, Tao},
    year = {2018}
}

@article{achiam2023gpt,
    title = {Gpt-4 technical report},
    author = {Achiam, Josh and Adler, Steven and Agarwal, Sandhini and Ahmad, Lama and Akkaya, Ilge and Aleman, Florencia Leoni and Almeida, Diogo and Altenschmidt, Janko and Altman, Sam and Anadkat, Shyamal and others},
    journal = {arXiv preprint arXiv:2303.08774},
    year = {2023}
}

@software{ollama,
    author = {Ollama},
    title = {Ollama},
    year = {2023},
    url = {https://github.com/ollama/ollama}
}

@misc{ibm2023cost,
    author = {{IBM Security}},
    title = {Cost of a Data Breach Report 2023},
    institution = {IBM Corporation},
    year = {2023},
    url = {https://www.ibm.com/reports/data-breach},
    urldate = {2024-05-19},
}

@misc{orca2022fatigue,
    author = {{Orca Security}},
    title = {2022 Cloud Security Alert Fatigue Report},
    institution = {Orca Security},
    year = {2022},
    url = {https://orca.security/wp-content/uploads/2022/03/Orca-2022-Cloud-Security-Alert-Fatigue-Report.pdf},
    urldate = {2024-05-19},
}

@incollection{oed:ai,
    title = {artificial intelligence, n.},
    booktitle = {Oxford English Dictionary},
    year = {2024},
    url = {https://doi.org/10.1093/OED/3194963277},
    urldate = {2024-05-21},
    publisher = {Oxford University Press},
    key = {Oxford English Dictionary}
}

@incollection{oed:ml,
    title = {machine learning, n.},
    booktitle = {Oxford English Dictionary},
    year = {2024},
    url = {https://doi.org/10.1093/OED/2166790335},
    urldate = {2024-05-21},
    publisher = {Oxford University Press},
    key = {Oxford English Dictionary}
}

@article{vaswani2017attention,
    title = {Attention is all you need},
    author = {Vaswani, Ashish and Shazeer, Noam and Parmar, Niki and Uszkoreit, Jakob and Jones, Llion and Gomez, Aidan N and Kaiser, {\L}ukasz and Polosukhin, Illia},
    journal = {Advances in neural information processing systems},
    volume = {30},
    year = {2017}
}

@article{bahdanau2014neural,
    title = {Neural machine translation by jointly learning to align and translate},
    author = {Bahdanau, Dzmitry and Cho, Kyunghyun and Bengio, Yoshua},
    journal = {arXiv preprint arXiv:1409.0473},
    year = {2014}
}

@article{sutskever2014sequence,
    title = {Sequence to sequence learning with neural networks},
    author = {Sutskever, Ilya and Vinyals, Oriol and Le, Quoc V},
    journal = {Advances in neural information processing systems},
    volume = {27},
    year = {2014}
}

@article{cho2014learning,
    title = {Learning phrase representations using RNN encoder-decoder for statistical machine translation},
    author = {Cho, Kyunghyun and Van Merri{\"e}nboer, Bart and Gulcehre, Caglar and Bahdanau, Dzmitry and Bougares, Fethi and Schwenk, Holger and Bengio, Yoshua},
    journal = {arXiv preprint arXiv:1406.1078},
    year = {2014}
}

@article{radford2018improving,
    title = {Improving language understanding with unsupervised learning},
    author = {Radford, Alec and Narasimhan, Karthik and Salimans, Tim and Sutskever, Ilya},
    year = {2018},
    publisher = {Technical report, OpenAI}
}

@article{jiang2023mistral,
    title = {Mistral 7B},
    author = {Jiang, Albert Q and Sablayrolles, Alexandre and Mensch, Arthur and Bamford, Chris and Chaplot, Devendra Singh and Casas, Diego de las and Bressand, Florian and Lengyel, Gianna and Lample, Guillaume and Saulnier, Lucile and others},
    journal = {arXiv preprint arXiv:2310.06825},
    year = {2023}
}

@online{ibm:nlp,
    author = {{IBM Corporation}},
    organization = {{IBM Corporation}},
    title = {What is natural language processing (NLP)?},
    url = {https://www.ibm.com/topics/natural-language-processing},
    urldate = {2024-05-24},
    year = {n.d.}
}

@online{ibm:llm,
    author = {{IBM Corporation}},
    organization = {{IBM Corporation}},
    title = {What are large language models (LLMs)?},
    url = {https://www.ibm.com/topics/large-language-models},
    urldate = {2024-05-24},
    year = {n.d.}
}

@article{bordt2024data,
    title = {Data Science with LLMs and Interpretable Models},
    author = {Bordt, Sebastian and Lengerich, Ben and Nori, Harsha and Caruana, Rich},
    journal = {arXiv preprint arXiv:2402.14474},
    year = {2024}
}

@misc{meta:llama3,
    title = {Introducing Meta Llama 3: The most capable openly available LLM to date},
    author = {Meta},
    url = {https://ai.meta.com/blog/meta-llama-3/},
    year = {2024},
}

@article{serketzis2019improving,
    title = {Improving forensic triage efficiency through cyber threat intelligence},
    author = {Serketzis, Nikolaos and Katos, Vasilios and Ilioudis, Christos and Baltatzis, Dimitrios and Pangalos, Georgios},
    journal = {Future Internet},
    volume = {11},
    number = {7},
    pages = {162},
    year = {2019},
    publisher = {MDPI}
}

@article{kaber2004effects,
    title = {The effects of level of automation and adaptive automation on human performance, situation awareness and workload in a dynamic control task},
    author = {Kaber, David B and Endsley, Mica R},
    journal = {Theoretical issues in ergonomics science},
    volume = {5},
    number = {2},
    pages = {113--153},
    year = {2004},
    publisher = {Taylor \& Francis}
}

@article{lee2004trust,
    title = {Trust in automation: Designing for appropriate reliance},
    author = {Lee, John D and See, Katrina A},
    journal = {Human factors},
    volume = {46},
    number = {1},
    pages = {50--80},
    year = {2004},
    publisher = {SAGE Publications Sage UK: London, England}
}

@article{karlsen2024large,
    title = {Large language models and unsupervised feature learning: implications for log analysis},
    author = {Karlsen, Egil and Luo, Xiao and Zincir-Heywood, Nur and Heywood, Malcolm},
    journal = {Annals of Telecommunications},
    pages = {1--19},
    year = {2024},
    publisher = {Springer}
}

@article{radford2019language,
    title = {Language models are unsupervised multitask learners},
    author = {Radford, Alec and Wu, Jeffrey and Child, Rewon and Luan, David and Amodei, Dario and Sutskever, Ilya and others},
    journal = {OpenAI blog},
    volume = {1},
    number = {8},
    pages = {9},
    year = {2019}
}

@article{touvron2023llama,
    title = {Llama 2: Open foundation and fine-tuned chat models},
    author = {Touvron, Hugo and Martin, Louis and Stone, Kevin and Albert, Peter and Almahairi, Amjad and Babaei, Yasmine and Bashlykov, Nikolay and Batra, Soumya and Bhargava, Prajjwal and Bhosale, Shruti and others},
    journal = {arXiv preprint arXiv:2307.09288},
    year = {2023}
}

@inproceedings{papineni2002bleu,
    title = {Bleu: a method for automatic evaluation of machine translation},
    author = {Papineni, Kishore and Roukos, Salim and Ward, Todd and Zhu, Wei-Jing},
    booktitle = {Proceedings of the 40th annual meeting of the Association for Computational Linguistics},
    pages = {311--318},
    year = {2002}
}

@inproceedings{lin2004rouge,
    title = {Rouge: A package for automatic evaluation of summaries},
    author = {Lin, Chin-Yew},
    booktitle = {Text summarization branches out},
    pages = {74--81},
    year = {2004}
}

@article{zhang2019bertscore,
    title = {Bertscore: Evaluating text generation with bert},
    author = {Zhang, Tianyi and Kishore, Varsha and Wu, Felix and Weinberger, Kilian Q and Artzi, Yoav},
    journal = {arXiv preprint arXiv:1904.09675},
    year = {2019}
}

@article{sellam2020bleurt,
    title = {BLEURT: Learning robust metrics for text generation},
    author = {Sellam, Thibault and Das, Dipanjan and Parikh, Ankur P},
    journal = {arXiv preprint arXiv:2004.04696},
    year = {2020}
}

@article{liu2023gpteval,
    title = {Gpteval: Nlg evaluation using gpt-4 with better human alignment},
    author = {Liu, Yang and Iter, Dan and Xu, Yichong and Wang, Shuohang and Xu, Ruochen and Zhu, Chenguang},
    journal = {arXiv preprint arXiv:2303.16634},
    year = {2023}
}

@article{brown2020language,
    title = {Language models are few-shot learners},
    author = {Brown, Tom and Mann, Benjamin and Ryder, Nick and Subbiah, Melanie and Kaplan, Jared D and Dhariwal, Prafulla and Neelakantan, Arvind and Shyam, Pranav and Sastry, Girish and Askell, Amanda and others},
    journal = {Advances in neural information processing systems},
    volume = {33},
    pages = {1877--1901},
    year = {2020}
}

@article{kim2023prometheus,
    title = {Prometheus: Inducing fine-grained evaluation capability in language models},
    author = {Kim, Seungone and Shin, Jamin and Cho, Yejin and Jang, Joel and Longpre, Shayne and Lee, Hwaran and Yun, Sangdoo and Shin, Seongjin and Kim, Sungdong and Thorne, James and others},
    journal = {arXiv preprint arXiv:2310.08491},
    year = {2023}
}